@article{Reference1,
	Abstract = {in the 2016 Irish census, it has been recorded that 66,611 people or 1.4 per cent of the population, suffered from an intellectual disability, 8,902 higher than in 2011, showing a 15.4 per cent increase. The previous census information showed 10 to 14-year-old males, with 5,233 affected in this age group - more than double females (2,284).},
	Author = {Unknown},
	Journal = {Estimating Prevalence of Autism Spectrum Disorders (ASD) in the Irish Population},
	Month = {November},
	Number = {12},
	Numpages = {3},
	Pages = {14--23},
	Title = {Estimating Prevalence of Autism Spectrum Disorders (ASD) in the Irish Population},
	Volume = {1},
	Year = {2018}}
	

@article{Reference2,
		Abstract = {Studies demonstrate the difference in the estimated rates of Autism between the genders, males are more likely to be diagnosed with Autism than females. There is existing evidence to suggest that ASD prevalence rates, and needs for services, are higher in disadvantaged area},
	Author = {Unknown},
	Journal = {Estimating Prevalence of Autism Spectrum Disorders (ASD) in the Irish Population},
	Month = {November},
	Number = {12},
	Numpages = {3},
	Pages = {14--23},
	Title = {Estimating Prevalence of Autism Spectrum Disorders (ASD) in the Irish Population},
	Volume = {1},
	Year = {2018}}

@article{Reference3,
		Abstract = {The studies are predominately recent as technology became more accessible and affordable globally, the rates of individuals in Ireland with ASD as seen in the 2016 census. The United States have seen an increase in Autism since 2001; the awareness of Autism is raised due to the rise in diagnosis},
	Author = {Unknown},
	Journal = {Estimating Prevalence of Autism Spectrum Disorders (ASD) in the Irish Population},
	Month = {November},
	Number = {12},
	Numpages = {3},
	Pages = {14--23},
	Title = {Estimating Prevalence of Autism Spectrum Disorders (ASD) in the Irish Population},
	Volume = {1},
	Year = {2018}}
	
	@article{Reference4,
		Abstract = {The studies are predominately recent as technology became more accessible and affordable globally, the rates of individuals in Ireland with ASD as seen in the 2016 census. The United States have seen an increase in Autism since 2001; the awareness of Autism is raised due to the rise in diagnosis},
	Author = {G.R Jones},
	Journal = {The use of visual aids for children with autism in preschool settings: A teacher’s perspective},
	Month = {April},
	Number = {12},
	Numpages = {3},
	Pages = {22--30},
	Title = {The use of visual aids for children with autism in preschool settings: A teacher’s perspective}
	Volume = {1},
	Year = {2014}}
	
	@inbook{Reference5,
    author = {Carmigniani, Julie and Furht, Borko},
    year = {2011},
    month = {07},
    pages = {3-46},
    title = {Augmented Reality: An Overview},
    doi = {10.1007/978-1-4614-0064-6_1}}
    
    
    @online{Reference6,
    author = "Unknown",
    title = "Triad of impairments",
    %url  = "  https://autism.ie/information/faq/what-is-autism/",
    addendum = "(accessed: 19.03.2021)",
    keywords = "autism,triad"
}
    @online{Reference7,
    author = "Unknown",
    title = "Triad of impairments",
    %url  = "  https://autism.ie/information/faq/what-is-autism/",
    addendum = "(accessed: 19.03.2021)",
    keywords = "autism,triad"
}
    @online{Reference8,
    author = "Unknown",
    title = "Autism spectrum disorders",
    %url  = "  https://www.who.int/news-room/fact-sheets/detail/autism-spectrum-disorders",
    addendum = "(accessed: 20.03.2021)",
    keywords = "autism,disorders"
}

    @online{Reference9,
    author = "Elaine Edwards",
    title = "One in 65 school children in Ireland has autism diagnosis",
    %url  = "  https://www.irishtimes.com/news/education/one-in-65-school-children-in-ireland-has-autism-diagnosis-1.2723434",
    addendum = "(accessed: 20.03.2021)",
    keywords = "autism,disorders"
}

	@article{Reference10,
		Abstract = {It has been proven from existing research that children with Autism benefit greatly from education that is especially suited to their needs by educational professionals. The approaches must be widely available and ethical, so it does not cause distress to the person with Autism},
	Author = {Sheelagh Drudy},
	Journal = {Education Reports},
	Month = {October},
	Number = {12},
	Numpages = {3},
	Pages = {2--14},
	Title = {Educational Provision and Support for Persons with Autistic Spectrum Disorders: the Report of the Task Force on Autism}
	Volume = {1},
	Year = {2001}}
	
	   @online{Reference11,
    author = "Michelle McDonagh",
    title = "Lamh gives a helping hand",
    %url  = "  	https://www.irishtimes.com/sponsored/lámh-gives-a-helping-hand-1.1409399",
    addendum = "(accessed: 22.03.2021)",
    keywords = "autism,disorders,laamh"
}

	@article{Reference12,
		Abstract = {Augmented Reality (AR) is described as the process of combining both real and computer generated assets that enhances the user's senses in vision, touch, hearing, taste and smell},
	Author = {Himanshu Limbasiya},
	Journal = {Sense Simulation in Virtual Reality to Increase: Immersion, Presence, and Interactions},
	Month = {October},
	Number = {12},
	Numpages = {3},
	Pages = {3--16},
	Title = {Sense Simulation in Virtual Reality to Increase: Immersion, Presence, and Interactions}
	Volume = {1},
	Year = {2018}}
	
	 @online{Reference13,
    author = "Unknown",
    title = "Augmented Reality",
    %url  = "  	https://www.interaction-design.org/literature/topics/augmented-reality",
    addendum = "(accessed: 25.03.2021)",
    keywords = "augmented reality"
}

	 @online{Reference14,
    author = "Austin Berner",
    title = "Augmented Reality – The Past, The Present and The Future",
    %url  = "  	https://www.interaction-design.org/literature/article/augmented-reality-the-past-the-present-and-the-future",
    addendum = "(accessed: 25.03.2021)",
    keywords = "augmented reality"
}
	@article{Reference15,
		Abstract = {These need to be high fidelity inputs to engage in an immersive experience. High fidelity inputs are accurate, precise and need to be comfortable for the user, while low fidelity inputs have errors, difficulties and are less precise and makes tasks increasingly difficult for the users},
	Author = {S. Gilson, A. Glennerster},
	Journal = {Virtual Reality - Human Computer Interaction},
	Month = {September},
	Number = {12},
	Numpages = {3},
	Pages = {Unknown},
	Title = {High Fidelity Immersive Virtual Reality}
	Volume = {1},
	Year = {2015}}
	
		@article{Reference15,
		Abstract = {	AR incorporates computer-generated objects into a real-time environment for the user},
	Author = {S. Gilson, A. Glennerster},
	Journal = {Virtual Reality - Human Computer Interaction},
	Month = {September},
	Number = {12},
	Numpages = {3},
	Pages = {Unknown},
	Title = {High Fidelity Immersive Virtual Reality}
	Volume = {1},
	Year = {2015}}
	
    @online{Reference16,
    author = "Unknown",
    title = "Artificial Intelligence (AI)",
    %url  = "  	https://www.ibm.com/cloud/learn/what-is-artificial-intelligence",
    addendum = "(accessed: 25.03.2021)",
    keywords = "Artificial Intelligence"
}
	@online{Reference17,
    author = "Unknown",
    title = "Artificial Intelligence (AI)",
    %url  = "  	https://www.ibm.com/cloud/learn/what-is-artificial-intelligence",
    addendum = "(accessed: 25.03.2021)",
    keywords = "Artificial Intelligence"
}
	@online{Reference18,
    author = "Magnus Unemyr",
    title = "AI can be broken into two different types, weak AI and strong AI",
    %url  = "  	https://www.unemyr.com/understanding-ai-algorithms/",
    addendum = "(accessed: 25.03.2021)",
    keywords = "Artificial Intelligence"
}

@INPROCEEDINGS{Reference19,
  author={Tsangouri, Christina and Li, Wei and Zhu, Zhigang and Abtahi, Farnaz and Ro, Tony},
  booktitle={2016 IEEE MIT Undergraduate Research Technology Conference (URTC)}, 
  title={An interactive facial-expression training platform for individuals with autism spectrum disorder}, 
  year={2016},
  volume={},
  number={},
  pages={1-3},
  doi={10.1109/URTC.2016.8284067}}
  
  @ARTICLE{Reference20,
  author={Bai, Zhen and Blackwell, Alan F. and Coulouris, George},
  journal={IEEE Transactions on Visualization and Computer Graphics},
  title={Using Augmented Reality to Elicit Pretend Play for Children with Autism}, 
  year={2015},
  volume={21},
  number={5},
  pages={598-610},
  doi={10.1109/TVCG.2014.2385092}}
  
  @INPROCEEDINGS{Reference21,
  author={Vullamparthi, Annie Joyce and Nelaturu, Sarat Chandra Babu and Mallaya, Dakshayani D. and Chandrasekhar, S.},
  booktitle={2013 IEEE Fifth International Conference on Technology for Education (t4e 2013)}, 
  title={Assistive Learning for Children with Autism Using Augmented Reality}, 
  year={2013},
  volume={},
  number={},
  pages={43-46},
  doi={10.1109/T4E.2013.18}}
  
  @ARTICLE{Reference22,
  author={Ke, Fengkai and Choi, Seungjin and Kang, Young Ho and Cheon, Keun-Ah and Lee, Sang Wan},
  journal={IEEE Access}, 
  title={Exploring the Structural and Strategic Bases of Autism Spectrum Disorders With Deep Learning}, 
  year={2020},
  volume={8},
  number={},
  pages={153341-153352},
  doi={10.1109/ACCESS.2020.3016734}}
  
  @ARTICLE{Reference23,
  author={Khowaja, Kamran and Banire, Bilikis and Al-Thani, Dena and Sqalli, Mohammed Tahri and Aqle, Aboubakr and Shah, Asadullah and Salim, Siti Salwah},
  journal={IEEE Access}, 
  title={Augmented Reality for Learning of Children and Adolescents With Autism Spectrum Disorder (ASD): A Systematic Review}, 
  year={2020},
  volume={8},
  number={},
  pages={78779-78807},
  doi={10.1109/ACCESS.2020.2986608}}
  
    @online{Reference24,
    author = "John M. Carroll",
    title = "Human Computer Interaction - brief intro",
    %url  = "  	https://www.interaction-design.org/literature/book/the-encyclopedia-of-human-computer-interaction-2nd-ed/human-computer-interaction-brief-intro",
    addendum = "(accessed: 30.03.2021)",
    keywords = "HCI"
}

@article{Reference25,
author = {Vaitkevičius, Aurelijus and Taroza, Mantas and Blazauskas, Tomas and Damasevicius, Robertas and Maskeliunas, Rytis and Woźniak, Marcin},
year = {2019},
month = {01},
pages = {445},
title = {Recognition of American Sign Language Gestures in a Virtual Reality Using Leap Motion},
volume = {9},
journal = {Applied Sciences},
doi = {10.3390/app9030445}
}

   @online{Reference26,
    author = "Unknown",
    title = "User Interface Design",
    %url  = "  	https://www.interaction-design.org/literature/topics/ui-design",
    addendum = "(accessed: 25.03.2021)",
    keywords = "User Interface Design"
}

   @online{Reference27,
    author = "Robert Cong, Ryan Winters",
    title = "How does the xBox Kinect work?",
    %url  = "  	https://www.interaction-design.org/literature/topics/ui-design",
    addendum = "(accessed: 25.03.2021)",
    keywords = "xBox Kinect"
}


  
 





	


	




	

